%YAML 1.1
%TAG !u! tag:unity3d.com,2011:
--- !u!1001 &100100000
Prefab:
  m_ObjectHideFlags: 1
  serializedVersion: 2
  m_Modification:
    m_TransformParent: {fileID: 0}
    m_Modifications: []
    m_RemovedComponents: []
  m_SourcePrefab: {fileID: 0}
  m_RootGameObject: {fileID: 1902814305409506}
  m_IsPrefabAsset: 1
--- !u!1 &1902814305409506
GameObject:
  m_ObjectHideFlags: 0
  m_CorrespondingSourceObject: {fileID: 0}
  m_PrefabInternal: {fileID: 100100000}
  serializedVersion: 6
  m_Component:
  - component: {fileID: 4271417901344548}
  - component: {fileID: 114903026978322084}
  - component: {fileID: 114070091842450496}
  - component: {fileID: 114078265883893628}
  m_Layer: 12
  m_Name: MGTowerProjectile_0
  m_TagString: Untagged
  m_Icon: {fileID: 0}
  m_NavMeshLayer: 0
  m_StaticEditorFlags: 0
  m_IsActive: 1
--- !u!4 &4271417901344548
Transform:
  m_ObjectHideFlags: 1
  m_CorrespondingSourceObject: {fileID: 0}
  m_PrefabInternal: {fileID: 100100000}
  m_GameObject: {fileID: 1902814305409506}
  m_LocalRotation: {x: -0.083312, y: 0.913637, z: -0.23961176, w: -0.31766775}
  m_LocalPosition: {x: 3.75, y: -2.7199998, z: 6.63}
  m_LocalScale: {x: 0.1, y: 0.1, z: 0.1}
  m_Children: []
  m_Father: {fileID: 0}
  m_RootOrder: 0
  m_LocalEulerAnglesHint: {x: 0, y: 0, z: 0}
--- !u!114 &114070091842450496
MonoBehaviour:
  m_ObjectHideFlags: 1
  m_CorrespondingSourceObject: {fileID: 0}
  m_PrefabInternal: {fileID: 100100000}
  m_GameObject: {fileID: 1902814305409506}
  m_Enabled: 1
  m_EditorHideFlags: 0
  m_Script: {fileID: 11500000, guid: 3e88b5a37d2f4bc1ad6d6414117ed141, type: 3}
  m_Name: 
  m_EditorClassIdentifier: 
  delay: 0.05
--- !u!114 &114078265883893628
MonoBehaviour:
  m_ObjectHideFlags: 1
  m_CorrespondingSourceObject: {fileID: 0}
  m_PrefabInternal: {fileID: 100100000}
  m_GameObject: {fileID: 1902814305409506}
  m_Enabled: 1
  m_EditorHideFlags: 0
  m_Script: {fileID: 11500000, guid: 59d007c1fe5e41c1888e4af3392f8676, type: 3}
  m_Name: 
  m_EditorClassIdentifier: 
  initialPoolCapacity: 15
--- !u!114 &114903026978322084
MonoBehaviour:
  m_ObjectHideFlags: 1
  m_CorrespondingSourceObject: {fileID: 0}
  m_PrefabInternal: {fileID: 100100000}
  m_GameObject: {fileID: 1902814305409506}
  m_Enabled: 1
  m_EditorHideFlags: 0
  m_Script: {fileID: 11500000, guid: fedeb0b3c5e104ea19d0d4599d22ab97, type: 3}
  m_Name: 
  m_EditorClassIdentifier: 
  damage: 0.25
  chanceToSpawnCollisionPrefab: 0.33
  collisionParticles: {fileID: 198278080792148898, guid: a4e0e87699dbd400aaf85d616d2618f8,
    type: 2}
  alignment:
    unityObjectReference: {fileID: 11400000, guid: 2e20cdb38c63f4edf8ee385c50c089ce,
      type: 2}
